@misc{ overtraining,
       author = "Reality AI",
       title = "3 WAYS TO MAKE YOUR MACHINE LEARNING PROJECTS SUCCESSFUL",
       year = "2022",
       howpublished = "\url{https://reality.ai/machine-learning-projects-3-ways-to-make-it-successful/}",
}