@book{RL,
		author    = "Richard S. Sutton, Andrew G. Barto",
		title     = "Reinforcement Learning: An Introduction",
		publisher = "MIT Press",
		year      = "2015"
}

@misc{ wiki:IA,
       author = "Wikipedia",
       title = "Inteligencia artificial --- Wikipedia{,} La enciclopedia libre",
       year = "2022",
       howpublished = "\url{https://es.wikipedia.org/wiki/Inteligencia_artificial}",
}

@book{control_multivariable,
		author    = "Miguel E. González, Francisco Vázquez, Fernando Morilla",
		title     = "Control Multivariable Centralizado con Desacoplo para Aerogeneradores de Velocidad Variable",
		publisher = "Revista Iberoamericana de Automática e Informática Industrial",
		year      = "2010"
}

@misc{ wiki:Euler,
       author = "Wikipedia",
       title = "Método de Euler --- Wikipedia{,} La enciclopedia libre",
       year = "2022",
       howpublished = "\url{https://es.wikipedia.org/wiki/M%C3%A9todo_de_Euler}",
}

@misc{ Python,
       author = "Python",
       title = "Python",
       year = "2022",
       howpublished = "\url{https://www.python.org/about/}",
}

@misc{ Jupyter,
       author = "Jupyter",
       title = "Jupyter",
       year = "2022",
       howpublished = "\url{https://jupyter.org/}",
}

@misc{ Flask,
       author = "The Pallets Projects",
       title = "Flask",
       year = "2022",
       howpublished = "\url{https://palletsprojects.com/p/flask/}",
}

@misc{ HTML,
       author = "MDN Web Docs",
       title = "HTML",
       year = "2022",
       howpublished = "\url{https://developer.mozilla.org/es/docs/Web/HTML}",
}

@misc{ wiki:DQN,
       author = "Wikipedia",
       title = "Q Learning: Deep Q Learning",
       year = "2022",
       howpublished = "\url{https://en.wikipedia.org/wiki/Q-learning#Deep_Q-learning}",
}

@misc{ GitHub,
       author = "GitHub",
       title = "GitHub",
       year = "2022",
       howpublished = "\url{https://github.com/}",
}

@misc{ Git,
       author = "Git",
       title = "Git",
       year = "2022",
       howpublished = "\url{https://git-scm.com/}",
}

@misc{ MetScrum,
       author = "Apd",
       title = "Cómo aplicar la metodología Scrum y qué es el método Scrum",
       year = "2022",
       howpublished = "\url{https://www.apd.es/metodologia-scrum-que-es/}",
}

@misc{ Sharepoint,
       author = "Microsoft",
       title = "Microsoft Sharepoint",
       year = "2022",
       howpublished = "\url{https://www.microsoft.com/es-es/microsoft-365/sharepoint/collaboration/}",
}

@misc{ RedNeuronal,
       author = "IBM",
       title = "El modelo de redes neuronales",
       year = "2021",
       howpublished = "\url{https://www.ibm.com/docs/es/spss-modeler/SaaS?topic=networks-neural-model}",
}

@misc{ FuncActivacion,
       author = "Bootcamp AI",
       title = "Redes neuronales",
       year = "2019",
       howpublished = "\url{https://bootcampai.medium.com/redes-neuronales-13349dd1a5bb#:~:text=Funciones%20de%20activaci%C3%B3n,que%20permitir%C3%A1%20reconstruir%20o%20predecir.}",
}

@misc{ TecPomodoro,
       author = "Universia",
       title = "Método de estudio: la técnica pomodoro",
       year = "2022",
       howpublished = "\url{https://www.universia.net/es/actualidad/orientacion-academica/metodo-estudio-tecnica-pomodoro-1157076.html}",
}

@misc{ Codacy,
       author = "Codacy",
       title = "Codacy",
       year = "2022",
       howpublished = "\url{https://www.codacy.com/}",
}

@misc{ wiki:Boltzmann,
       author = "Wikipedia",
       title = "Boltzmann distribution --- Wikipedia{,} The free encyclopedia",
       year = "2022",
       howpublished = "\url{https://en.wikipedia.org/wiki/Boltzmann_distribution}",
}

@misc{ end_to_end,
       author = "Computersciencewiki",
       title = "End-to-end learning",
       year = "2022",
       howpublished = "\url{https://computersciencewiki.org/index.php/End-to-end_learning}",
}

@misc{ Wayve,
       author = "Wayve",
       title = "Wayve",
       year = "2022",
       howpublished = "\url{https://wayve.ai/}",
}

@article{AlphaZero,
  title={AlphaZero: la inteligencia artificial con intuición humana},
  author={Juan Manuel García},
  journal={La Vanguardia},
  volume={1},
  number={1},
  pages={1--1},
  year={2019},
  publisher={La Vanguardia - Tekneo}
}

@misc{ SPC,
       author = "EPFL",
       title = "Swiss Plasma Center",
       year = "2022",
       howpublished = "\url{https://www.epfl.ch/research/domains/swiss-plasma-center/}",
}

@misc{ wiki:latex,
       author = "Wikipedia",
       title = "LaTeX --- Wikipedia{,} La enciclopedia libre",
       year = "2015",
       url = "https://es.wikipedia.org/w/index.php?title=LaTeX&oldid=84209252",
       note = "[Internet; descargado 30-septiembre-2015]"
}